2023-06-22 txn "Yvan bought 2 items for €3.10"
  timestamp: "2023-06-22 16:50:15.738590"
  type: "purchase"
  Assets:Inventory:Bar             -1 SNACK 
  Liabilities:Bar:Members:Yvan      1 SNACK 
  Assets:Inventory:Bar             -1 GERMAN
  Liabilities:Bar:Members:Yvan      1 GERMAN
  Liabilities:Bar:Members:Yvan   3.10 EUR   
  Income:Bar                    -3.10 EUR   

2023-06-22 txn "Sander bought 1 items for €1.50"
  timestamp: "2023-06-22 17:05:46.297693"
  type: "purchase"
  Assets:Inventory:Bar               -1 SODA
  Liabilities:Bar:Members:Sander      1 SODA
  Liabilities:Bar:Members:Sander   1.50 EUR 
  Income:Bar                      -1.50 EUR 

2023-06-22 txn "Thijs bought 1 items for €2.50"
  timestamp: "2023-06-22 17:17:07.029646"
  type: "purchase"
  Assets:Inventory:Bar              -1 GERMAN
  Liabilities:Bar:Members:Thijs      1 GERMAN
  Liabilities:Bar:Members:Thijs   2.50 EUR   
  Income:Bar                     -2.50 EUR   

2023-06-22 txn "Fearless bought 2 items for €5.00"
  timestamp: "2023-06-22 17:18:44.600407"
  type: "purchase"
  Assets:Inventory:Bar                 -2 GERMAN
  Liabilities:Bar:Members:Fearless      2 GERMAN
  Liabilities:Bar:Members:Fearless   5.00 EUR   
  Income:Bar                        -5.00 EUR   

2023-06-22 txn "Koen bought 1 items for €2.50"
  timestamp: "2023-06-22 17:42:29.424764"
  type: "purchase"
  Assets:Inventory:Bar             -1 GERMAN
  Liabilities:Bar:Members:Koen      1 GERMAN
  Liabilities:Bar:Members:Koen   2.50 EUR   
  Income:Bar                    -2.50 EUR   

2023-06-22 txn "Elfeera bought 1 items for €1.50"
  timestamp: "2023-06-22 18:15:31.360171"
  type: "purchase"
  Assets:Inventory:Bar                -1 SODA
  Liabilities:Bar:Members:Elfeera      1 SODA
  Liabilities:Bar:Members:Elfeera   1.50 EUR 
  Income:Bar                       -1.50 EUR 

2023-06-22 txn "Miker bought 1 items for €3.00"
  timestamp: "2023-06-22 18:17:22.269459"
  type: "purchase"
  Assets:Inventory:Bar              -1 CM 
  Liabilities:Bar:Members:Miker      1 CM 
  Liabilities:Bar:Members:Miker   3.00 EUR
  Income:Bar                     -3.00 EUR

2023-06-22 txn "Wouter bought 1 items for €1.50"
  timestamp: "2023-06-22 18:17:36.276198"
  type: "purchase"
  Assets:Inventory:Bar               -1 SODA
  Liabilities:Bar:Members:Wouter      1 SODA
  Liabilities:Bar:Members:Wouter   1.50 EUR 
  Income:Bar                      -1.50 EUR 

2023-06-22 txn "ON8LTE deposited €25.00"
  timestamp: "2023-06-22 18:19:21.792394"
  type: "deposit"
  Liabilities:Bar:Members:ON8LTE  -25.00 EUR
  Assets:Cash:Bar                  25.00 EUR

2023-06-22 txn "ON8LTE bought 2 items for €4.00"
  timestamp: "2023-06-22 18:19:56.359414"
  type: "purchase"
  Assets:Inventory:Bar               -1 SODA  
  Liabilities:Bar:Members:ON8LTE      1 SODA  
  Assets:Inventory:Bar               -1 GERMAN
  Liabilities:Bar:Members:ON8LTE      1 GERMAN
  Liabilities:Bar:Members:ON8LTE   4.00 EUR   
  Income:Bar                      -4.00 EUR   

2023-06-22 txn "DJefke gave Thijs a gift of €10.00"
  timestamp: "2023-06-22 18:25:16.313387"
  type: "transfer"
  Liabilities:Bar:Members:DJefke   10.00 EUR
  Liabilities:Bar:Members:Thijs   -10.00 EUR

2023-06-22 txn "Sander deposited €50.00"
  timestamp: "2023-06-22 18:26:17.361260"
  type: "deposit"
  Liabilities:Bar:Members:Sander  -50.00 EUR
  Assets:Cash:Bar                  50.00 EUR

2023-06-22 txn "Sander gave Thijs a gift of €27.50"
  timestamp: "2023-06-22 18:26:46.811514"
  type: "transfer"
  Liabilities:Bar:Members:Sander   27.50 EUR
  Liabilities:Bar:Members:Thijs   -27.50 EUR

2023-06-22 txn "DJefke bought 1 items for €2.50"
  timestamp: "2023-06-22 18:27:18.123417"
  type: "purchase"
  Assets:Inventory:Bar               -1 GERMAN
  Liabilities:Bar:Members:DJefke      1 GERMAN
  Liabilities:Bar:Members:DJefke   2.50 EUR   
  Income:Bar                      -2.50 EUR   

2023-06-22 txn "SamL bought 1 items for €1.50"
  timestamp: "2023-06-22 18:28:49.790724"
  type: "purchase"
  Assets:Inventory:Bar             -1 SODA
  Liabilities:Bar:Members:SamL      1 SODA
  Liabilities:Bar:Members:SamL   1.50 EUR 
  Income:Bar                    -1.50 EUR 

2023-06-22 txn "Thijs bought 1 items for €2.50"
  timestamp: "2023-06-22 18:35:02.247272"
  type: "purchase"
  Assets:Inventory:Bar              -1 DUVEL
  Liabilities:Bar:Members:Thijs      1 DUVEL
  Liabilities:Bar:Members:Thijs   2.50 EUR  
  Income:Bar                     -2.50 EUR  

2023-06-22 txn "Yvan bought 1 items for €4.00"
  timestamp: "2023-06-22 18:39:11.462973"
  type: "purchase"
  Assets:Inventory:Bar             -1 FOOD
  Liabilities:Bar:Members:Yvan      1 FOOD
  Liabilities:Bar:Members:Yvan   4.00 EUR 
  Income:Bar                    -4.00 EUR 

2023-06-22 txn "On8wr bought 3 items for €12.00"
  timestamp: "2023-06-22 18:50:02.425013"
  type: "purchase"
  Assets:Inventory:Bar               -3 FOOD
  Liabilities:Bar:Members:On8wr       3 FOOD
  Liabilities:Bar:Members:On8wr   12.00 EUR 
  Income:Bar                     -12.00 EUR 

2023-06-22 txn "SamL bought 1 items for €1.50"
  timestamp: "2023-06-22 18:50:53.427594"
  type: "purchase"
  Assets:Inventory:Bar             -1 SODA
  Liabilities:Bar:Members:SamL      1 SODA
  Liabilities:Bar:Members:SamL   1.50 EUR 
  Income:Bar                    -1.50 EUR 

2023-06-22 txn "SamL bought 1 items for €4.00"
  timestamp: "2023-06-22 18:51:16.357658"
  type: "purchase"
  Assets:Inventory:Bar             -1 FOOD
  Liabilities:Bar:Members:SamL      1 FOOD
  Liabilities:Bar:Members:SamL   4.00 EUR 
  Income:Bar                    -4.00 EUR 

2023-06-22 txn "Wouter bought 1 items for €4.00"
  timestamp: "2023-06-22 18:53:04.006547"
  type: "purchase"
  Assets:Inventory:Bar               -1 FOOD
  Liabilities:Bar:Members:Wouter      1 FOOD
  Liabilities:Bar:Members:Wouter   4.00 EUR 
  Income:Bar                      -4.00 EUR 

2023-06-22 txn "Joren bought 1 items for €2.50"
  timestamp: "2023-06-22 18:58:32.999377"
  type: "purchase"
  Assets:Inventory:Bar              -1 DUVEL
  Liabilities:Bar:Members:Joren      1 DUVEL
  Liabilities:Bar:Members:Joren   2.50 EUR  
  Income:Bar                     -2.50 EUR  

2023-06-22 txn "DJefke bought 1 items for €2.50"
  timestamp: "2023-06-22 18:59:59.420499"
  type: "purchase"
  Assets:Inventory:Bar               -1 GERMAN
  Liabilities:Bar:Members:DJefke      1 GERMAN
  Liabilities:Bar:Members:DJefke   2.50 EUR   
  Income:Bar                      -2.50 EUR   

2023-06-22 txn "Fearless bought 5 items for €10.00"
  timestamp: "2023-06-22 19:00:43.684282"
  type: "purchase"
  Assets:Inventory:Bar                  -3 GERMAN
  Liabilities:Bar:Members:Fearless       3 GERMAN
  Assets:Inventory:Bar                  -1 CHIP  
  Liabilities:Bar:Members:Fearless       1 CHIP  
  Assets:Inventory:Bar                  -1 BEER  
  Liabilities:Bar:Members:Fearless       1 BEER  
  Liabilities:Bar:Members:Fearless   10.00 EUR   
  Income:Bar                        -10.00 EUR   

2023-06-22 txn "Sander bought 2 items for €5.00"
  timestamp: "2023-06-22 19:01:23.626376"
  type: "purchase"
  Assets:Inventory:Bar               -2 GERMAN
  Liabilities:Bar:Members:Sander      2 GERMAN
  Liabilities:Bar:Members:Sander   5.00 EUR   
  Income:Bar                      -5.00 EUR   

2023-06-22 txn "Fearless bought 1 items for €1.50"
  timestamp: "2023-06-22 19:02:12.462405"
  type: "purchase"
  Assets:Inventory:Bar                 -1 BEER
  Liabilities:Bar:Members:Fearless      1 BEER
  Liabilities:Bar:Members:Fearless   1.50 EUR 
  Income:Bar                        -1.50 EUR 

2023-06-22 txn "Yvan bought 2 items for €6.50"
  timestamp: "2023-06-22 19:08:33.025298"
  type: "purchase"
  Assets:Inventory:Bar             -1 GERMAN
  Liabilities:Bar:Members:Yvan      1 GERMAN
  Assets:Inventory:Bar             -1 FOOD  
  Liabilities:Bar:Members:Yvan      1 FOOD  
  Liabilities:Bar:Members:Yvan   6.50 EUR   
  Income:Bar                    -6.50 EUR   

2023-06-22 txn "Wouter bought 1 items for €1.50"
  timestamp: "2023-06-22 19:12:12.771616"
  type: "purchase"
  Assets:Inventory:Bar               -1 SODA
  Liabilities:Bar:Members:Wouter      1 SODA
  Liabilities:Bar:Members:Wouter   1.50 EUR 
  Income:Bar                      -1.50 EUR 

2023-06-22 txn "qwaxys bought 1 items for €4.00"
  timestamp: "2023-06-22 19:12:46.650349"
  type: "purchase"
  Assets:Inventory:Bar             -1 COCKTAIL
  Liabilities:Bar:Members:Bart      1 COCKTAIL
  Liabilities:Bar:Members:Bart   4.00 EUR     
  Income:Bar                    -4.00 EUR     

2023-06-22 txn "Koen bought 1 items for €2.50"
  timestamp: "2023-06-22 19:23:32.769256"
  type: "purchase"
  Assets:Inventory:Bar             -1 GERMAN
  Liabilities:Bar:Members:Koen      1 GERMAN
  Liabilities:Bar:Members:Koen   2.50 EUR   
  Income:Bar                    -2.50 EUR   

2023-06-22 txn "Koen bought 2 items for €8.00"
  timestamp: "2023-06-22 19:23:56.620173"
  type: "purchase"
  Assets:Inventory:Bar             -2 FOOD
  Liabilities:Bar:Members:Koen      2 FOOD
  Liabilities:Bar:Members:Koen   8.00 EUR 
  Income:Bar                    -8.00 EUR 

2023-06-22 txn "Koen deposited €13.00"
  timestamp: "2023-06-22 19:26:05.732777"
  type: "deposit"
  Liabilities:Bar:Members:Koen  -13.00 EUR
  Assets:Cash:Bar                13.00 EUR

2023-06-22 txn "DJefke bought 2 items for €8.00"
  timestamp: "2023-06-22 19:30:19.005966"
  type: "purchase"
  Assets:Inventory:Bar               -2 FOOD
  Liabilities:Bar:Members:DJefke      2 FOOD
  Liabilities:Bar:Members:DJefke   8.00 EUR 
  Income:Bar                      -8.00 EUR 

2023-06-22 txn "Yvan bought 1 items for €4.00"
  timestamp: "2023-06-22 19:31:16.510295"
  type: "purchase"
  Assets:Inventory:Bar             -1 FOOD
  Liabilities:Bar:Members:Yvan      1 FOOD
  Liabilities:Bar:Members:Yvan   4.00 EUR 
  Income:Bar                    -4.00 EUR 

2023-06-22 txn "On8wr bought 6 items for €10.10"
  timestamp: "2023-06-22 19:31:48.053395"
  type: "purchase"
  Assets:Inventory:Bar               -1 CM    
  Liabilities:Bar:Members:On8wr       1 CM    
  Assets:Inventory:Bar               -2 SODA  
  Liabilities:Bar:Members:On8wr       2 SODA  
  Assets:Inventory:Bar               -1 GERMAN
  Liabilities:Bar:Members:On8wr       1 GERMAN
  Assets:Inventory:Bar               -1 SNACK 
  Liabilities:Bar:Members:On8wr       1 SNACK 
  Assets:Inventory:Bar               -1 CHIP  
  Liabilities:Bar:Members:On8wr       1 CHIP  
  Liabilities:Bar:Members:On8wr   10.10 EUR   
  Income:Bar                     -10.10 EUR   

2023-06-22 txn "On8wr bought 1 items for €1.50"
  timestamp: "2023-06-22 19:32:09.110405"
  type: "purchase"
  Assets:Inventory:Bar              -1 SODA
  Liabilities:Bar:Members:On8wr      1 SODA
  Liabilities:Bar:Members:On8wr   1.50 EUR 
  Income:Bar                     -1.50 EUR 

2023-06-22 txn "SamL bought 1 items for €4.00"
  timestamp: "2023-06-22 19:35:13.870117"
  type: "purchase"
  Assets:Inventory:Bar             -1 FOOD
  Liabilities:Bar:Members:SamL      1 FOOD
  Liabilities:Bar:Members:SamL   4.00 EUR 
  Income:Bar                    -4.00 EUR 

2023-06-22 txn "SamL deposited €20.00"
  timestamp: "2023-06-22 19:38:13.149551"
  type: "deposit"
  Liabilities:Bar:Members:SamL  -20.00 EUR
  Assets:Cash:Bar                20.00 EUR

2023-06-22 txn "Elfeera bought 4 items for €12.75"
  timestamp: "2023-06-22 19:38:33.369373"
  type: "purchase"
  Assets:Inventory:Bar                 -1 WATER
  Liabilities:Bar:Members:Elfeera       1 WATER
  Assets:Inventory:Bar                 -3 FOOD 
  Liabilities:Bar:Members:Elfeera       3 FOOD 
  Liabilities:Bar:Members:Elfeera   12.75 EUR  
  Income:Bar                       -12.75 EUR  

2023-06-22 txn "ON8LTE bought 1 items for €4.00"
  timestamp: "2023-06-22 19:39:10.682162"
  type: "purchase"
  Assets:Inventory:Bar               -1 FOOD
  Liabilities:Bar:Members:ON8LTE      1 FOOD
  Liabilities:Bar:Members:ON8LTE   4.00 EUR 
  Income:Bar                      -4.00 EUR 

2023-06-22 txn "Sander bought 1 items for €4.00"
  timestamp: "2023-06-22 19:39:18.398819"
  type: "purchase"
  Assets:Inventory:Bar               -1 FOOD
  Liabilities:Bar:Members:Sander      1 FOOD
  Liabilities:Bar:Members:Sander   4.00 EUR 
  Income:Bar                      -4.00 EUR 

2023-06-22 txn "Fearless bought 5 items for €17.50"
  timestamp: "2023-06-22 19:40:01.915575"
  type: "purchase"
  Assets:Inventory:Bar                  -4 FOOD
  Liabilities:Bar:Members:Fearless       4 FOOD
  Assets:Inventory:Bar                  -1 SODA
  Liabilities:Bar:Members:Fearless       1 SODA
  Liabilities:Bar:Members:Fearless   17.50 EUR 
  Income:Bar                        -17.50 EUR 

2023-06-22 txn "Fearless deposited €10.00"
  timestamp: "2023-06-22 19:40:51.935485"
  type: "deposit"
  Liabilities:Bar:Members:Fearless  -10.00 EUR
  Assets:Cash:Bar                    10.00 EUR

2023-06-22 txn "Joren bought 1 items for €2.50"
  timestamp: "2023-06-22 19:42:51.534009"
  type: "purchase"
  Assets:Inventory:Bar              -1 DUVEL
  Liabilities:Bar:Members:Joren      1 DUVEL
  Liabilities:Bar:Members:Joren   2.50 EUR  
  Income:Bar                     -2.50 EUR  

2023-06-22 txn "Joren deposited €20.00"
  timestamp: "2023-06-22 19:56:49.939167"
  type: "deposit"
  Liabilities:Bar:Members:Joren  -20.00 EUR
  Assets:Cash:Bar                 20.00 EUR

2023-06-22 txn "Joren bought 1 items for €4.00"
  timestamp: "2023-06-22 19:58:05.194045"
  type: "purchase"
  Assets:Inventory:Bar              -1 FOOD
  Liabilities:Bar:Members:Joren      1 FOOD
  Liabilities:Bar:Members:Joren   4.00 EUR 
  Income:Bar                     -4.00 EUR 

2023-06-22 txn "--CASH-- bought 1 items for €1.50"
  timestamp: "2023-06-22 20:03:09.594101"
  type: "purchase"
  Assets:Inventory:Bar     -1 BEER
  Assets:Cash:Bar           1 BEER
  Assets:Cash:Bar        1.50 EUR 
  Income:Bar            -1.50 EUR 

2023-06-22 txn "--CASH-- bought 1 items for €4.00"
  timestamp: "2023-06-22 20:03:18.970028"
  type: "purchase"
  Assets:Inventory:Bar     -1 FOOD
  Assets:Cash:Bar           1 FOOD
  Assets:Cash:Bar        4.00 EUR 
  Income:Bar            -4.00 EUR 

2023-06-22 txn "Sander bought 1 items for €2.50"
  timestamp: "2023-06-22 20:06:59.253232"
  type: "purchase"
  Assets:Inventory:Bar               -1 GERMAN
  Liabilities:Bar:Members:Sander      1 GERMAN
  Liabilities:Bar:Members:Sander   2.50 EUR   
  Income:Bar                      -2.50 EUR   

2023-06-22 txn "Elfeera bought 1 items for €4.00"
  timestamp: "2023-06-22 20:17:55.671661"
  type: "purchase"
  Assets:Inventory:Bar                -1 FOOD
  Liabilities:Bar:Members:Elfeera      1 FOOD
  Liabilities:Bar:Members:Elfeera   4.00 EUR 
  Income:Bar                       -4.00 EUR 

2023-06-22 txn "Bloemist bought 1 items for €1.33"
  timestamp: "2023-06-22 20:18:55.828928"
  type: "purchase"
  Assets:Inventory:Bar                 -1 CARA
  Liabilities:Bar:Members:Bloemist      1 CARA
  Liabilities:Bar:Members:Bloemist   1.33 EUR 
  Income:Bar                        -1.33 EUR 

2023-06-22 txn "Miker bought 1 items for €2.50"
  timestamp: "2023-06-22 20:19:45.099084"
  type: "purchase"
  Assets:Inventory:Bar              -1 GERMAN
  Liabilities:Bar:Members:Miker      1 GERMAN
  Liabilities:Bar:Members:Miker   2.50 EUR   
  Income:Bar                     -2.50 EUR   

2023-06-22 txn "Miker bought 1 items for €0.60"
  timestamp: "2023-06-22 20:20:08.379367"
  type: "purchase"
  Assets:Inventory:Bar              -1 SNACK
  Liabilities:Bar:Members:Miker      1 SNACK
  Liabilities:Bar:Members:Miker   0.60 EUR  
  Income:Bar                     -0.60 EUR  

2023-06-22 txn "Elfeera bought 1 items for €1.50"
  timestamp: "2023-06-22 20:25:47.119909"
  type: "purchase"
  Assets:Inventory:Bar                -1 SODA
  Liabilities:Bar:Members:Elfeera      1 SODA
  Liabilities:Bar:Members:Elfeera   1.50 EUR 
  Income:Bar                       -1.50 EUR 

2023-06-22 txn "On8wr bought 1 items for €1.50"
  timestamp: "2023-06-22 20:31:04.039308"
  type: "purchase"
  Assets:Inventory:Bar              -1 SODA
  Liabilities:Bar:Members:On8wr      1 SODA
  Liabilities:Bar:Members:On8wr   1.50 EUR 
  Income:Bar                     -1.50 EUR 

2023-06-22 txn "ON8LTE bought 1 items for €4.00"
  timestamp: "2023-06-22 20:36:55.103896"
  type: "purchase"
  Assets:Inventory:Bar               -1 FOOD
  Liabilities:Bar:Members:ON8LTE      1 FOOD
  Liabilities:Bar:Members:ON8LTE   4.00 EUR 
  Income:Bar                      -4.00 EUR 

2023-06-22 txn "Sander bought 1 items for €4.00"
  timestamp: "2023-06-22 20:52:33.195956"
  type: "purchase"
  Assets:Inventory:Bar               -1 FOOD
  Liabilities:Bar:Members:Sander      1 FOOD
  Liabilities:Bar:Members:Sander   4.00 EUR 
  Income:Bar                      -4.00 EUR 

2023-06-22 txn "--CASH-- bought 1 items for €4.00"
  timestamp: "2023-06-22 20:52:53.825101"
  type: "purchase"
  Assets:Inventory:Bar     -1 FOOD
  Assets:Cash:Bar           1 FOOD
  Assets:Cash:Bar        4.00 EUR 
  Income:Bar            -4.00 EUR 

